<?xml version="1.0" encoding="UTF-8"?><collection xmlns="http://www.loc.gov/MARC21/slim"><record><leader>00500nam--2200181-i-4500</leader><controlfield tag="001">000008567</controlfield><controlfield tag="002">20161230</controlfield><controlfield tag="005">20170117000359</controlfield><controlfield tag="008">060222s1000------------r-----000-0-eng-d</controlfield><datafield ind1=" " ind2=" " tag="080"><subfield code="a">539.12.01</subfield></datafield><datafield ind1=" " ind2=" " tag="100"><subfield code="a">Acharya, R</subfield></datafield><datafield ind1=" " ind2=" " tag="245"><subfield code="a">Determination of the - mixing angles from weinberg s sum rules</subfield></datafield><datafield ind1=" " ind2=" " tag="260"><subfield code="a">Miramare - Trieste</subfield><subfield code="b">International Centre For The Theoretical Physics</subfield><subfield code="c">1968</subfield></datafield><datafield ind1=" " ind2=" " tag="300"><subfield code="a">7 p</subfield></datafield><datafield ind1=" " ind2=" " tag="490"><subfield code="a">68/69</subfield></datafield><datafield ind1=" " ind2=" " tag="700"><subfield code="a">Aly, H. H</subfield></datafield><datafield ind1=" " ind2=" " tag="852"><subfield code="a">19949</subfield></datafield><datafield ind1=" " ind2=" " tag="CAT"><subfield code="a">SYS</subfield><subfield code="c">20170117</subfield><subfield code="h">000359</subfield></datafield></record></collection>